<?xml version="1.0" encoding="UTF-8"?>
  <record xmlns="http://www.loc.gov/MARC21/slim" type="Authority">
    <leader>00000nz  a2200000nc 4500</leader>
    <controlfield tag="001">100290094</controlfield>
    <controlfield tag="003">DE-101</controlfield>
    <controlfield tag="005">20220311161302.0</controlfield>
    <controlfield tag="008">900615n||azznnaabn           | aaa    |c</controlfield>
    <datafield tag="024" ind1="7" ind2=" ">
      <subfield code="a">100290094</subfield>
      <subfield code="0">http://d-nb.info/gnd/100290094</subfield>
      <subfield code="2">gnd</subfield>
    </datafield>
    <datafield tag="035" ind1=" " ind2=" ">
      <subfield code="a">(DE-101)100290094</subfield>
    </datafield>
    <datafield tag="035" ind1=" " ind2=" ">
      <subfield code="a">(DE-588)100290094</subfield>
    </datafield>
    <datafield tag="035" ind1=" " ind2=" ">
      <subfield code="z">(DE-588)1089885032</subfield>
    </datafield>
    <datafield tag="035" ind1=" " ind2=" ">
      <subfield code="z">(DE-588)1089758804</subfield>
    </datafield>
    <datafield tag="035" ind1=" " ind2=" ">
      <subfield code="z">(DE-588)1089269137</subfield>
    </datafield>
    <datafield tag="035" ind1=" " ind2=" ">
      <subfield code="z">(DE-588)172130883</subfield>
    </datafield>
    <datafield tag="035" ind1=" " ind2=" ">
      <subfield code="z">(DE-588a)172130883</subfield>
      <subfield code="9">v:zg</subfield>
    </datafield>
    <datafield tag="035" ind1=" " ind2=" ">
      <subfield code="z">(DE-588a)100290094</subfield>
      <subfield code="9">v:zg</subfield>
    </datafield>
    <datafield tag="035" ind1=" " ind2=" ">
      <subfield code="z">(DE-588a)119702088</subfield>
    </datafield>
    <datafield tag="035" ind1=" " ind2=" ">
      <subfield code="z">(DE-588c)7725219-6</subfield>
      <subfield code="9">v:zg</subfield>
    </datafield>
    <datafield tag="040" ind1=" " ind2=" ">
      <subfield code="a">DE-12</subfield>
      <subfield code="c">DE-12</subfield>
      <subfield code="9">r:DE-12</subfield>
      <subfield code="b">ger</subfield>
      <subfield code="d">9999</subfield>
    </datafield>
    <datafield tag="042" ind1=" " ind2=" ">
      <subfield code="a">gnd1</subfield>
    </datafield>
    <datafield tag="043" ind1=" " ind2=" ">
      <subfield code="c">XS</subfield>
      <subfield code="c">XT</subfield>
      <subfield code="c">XB-IL</subfield>
    </datafield>
    <datafield tag="065" ind1=" " ind2=" ">
      <subfield code="a">3.6p</subfield>
      <subfield code="2">sswd</subfield>
    </datafield>
    <datafield tag="075" ind1=" " ind2=" ">
      <subfield code="b">p</subfield>
      <subfield code="2">gndgen</subfield>
    </datafield>
    <datafield tag="075" ind1=" " ind2=" ">
      <subfield code="b">piz</subfield>
      <subfield code="2">gndspec</subfield>
    </datafield>
    <datafield tag="079" ind1=" " ind2=" ">
      <subfield code="a">g</subfield>
      <subfield code="q">f</subfield>
      <subfield code="q">p</subfield>
      <subfield code="q">a</subfield>
      <subfield code="q">s</subfield>
      <subfield code="u">v</subfield>
      <subfield code="u">o</subfield>
      <subfield code="u">w</subfield>
    </datafield>
    <datafield tag="100" ind1="0" ind2=" ">
      <subfield code="a">Hegesippus</subfield>
      <subfield code="d">100-180</subfield>
    </datafield>
    <datafield tag="400" ind1="0" ind2=" ">
      <subfield code="a">Ēgēsippos</subfield>
      <subfield code="d">100-180</subfield>
    </datafield>
    <datafield tag="400" ind1="0" ind2=" ">
      <subfield code="a">Egesippus</subfield>
      <subfield code="c">Historiographus</subfield>
      <subfield code="d">100-180</subfield>
    </datafield>
    <datafield tag="400" ind1="0" ind2=" ">
      <subfield code="a">Egesippe</subfield>
      <subfield code="d">100-180</subfield>
    </datafield>
    <datafield tag="400" ind1="0" ind2=" ">
      <subfield code="a">Hegesipp</subfield>
      <subfield code="d">100-180</subfield>
    </datafield>
    <datafield tag="400" ind1="0" ind2=" ">
      <subfield code="a">Egisippus</subfield>
      <subfield code="d">100-180</subfield>
    </datafield>
    <datafield tag="400" ind1="0" ind2=" ">
      <subfield code="a">Aegesippus</subfield>
      <subfield code="d">100-180</subfield>
    </datafield>
    <datafield tag="400" ind1="0" ind2=" ">
      <subfield code="a">Eugesippus</subfield>
      <subfield code="d">100-180</subfield>
    </datafield>
    <datafield tag="400" ind1="0" ind2=" ">
      <subfield code="a">Egesippus</subfield>
      <subfield code="d">100-180</subfield>
    </datafield>
    <datafield tag="400" ind1="0" ind2=" ">
      <subfield code="a">Hegesippos</subfield>
      <subfield code="d">100-180</subfield>
    </datafield>
    <datafield tag="400" ind1="0" ind2=" ">
      <subfield code="a">Hegesippus</subfield>
      <subfield code="c">Palaestinus</subfield>
      <subfield code="d">100-180</subfield>
    </datafield>
    <datafield tag="400" ind1="0" ind2=" ">
      <subfield code="a">Hegesippus</subfield>
      <subfield code="c">Kirchenschriftsteller</subfield>
      <subfield code="d">100-180</subfield>
    </datafield>
    <datafield tag="400" ind1="0" ind2=" ">
      <subfield code="a">Hegesippus</subfield>
      <subfield code="c">Ecclesiastical Writer</subfield>
      <subfield code="d">100-180</subfield>
    </datafield>
    <datafield tag="400" ind1="0" ind2=" ">
      <subfield code="a">Hegesippus</subfield>
      <subfield code="c">Scriptor Ecclesiasticus</subfield>
      <subfield code="d">100-180</subfield>
    </datafield>
    <datafield tag="400" ind1="0" ind2=" ">
      <subfield code="a">Hegesippus</subfield>
      <subfield code="c">Qui Dicitur</subfield>
      <subfield code="d">100-180</subfield>
    </datafield>
    <datafield tag="500" ind1="0" ind2=" ">
      <subfield code="0">(DE-101)1128672316</subfield>
      <subfield code="0">(DE-588)1128672316</subfield>
      <subfield code="0">https://d-nb.info/gnd/1128672316</subfield>
      <subfield code="a">Pseudo-Hegesippus</subfield>
      <subfield code="d">ca. 4. Jahrhundert</subfield>
      <subfield code="4">rela</subfield>
      <subfield code="4">https://d-nb.info/standards/elementset/gnd#relatedPerson</subfield>
      <subfield code="w">r</subfield>
      <subfield code="i">Relation allgemein</subfield>
      <subfield code="e">Relation allgemein</subfield>
    </datafield>
    <datafield tag="548" ind1=" " ind2=" ">
      <subfield code="a">100-180</subfield>
      <subfield code="4">datl</subfield>
      <subfield code="4">https://d-nb.info/standards/elementset/gnd#dateOfBirthAndDeath</subfield>
      <subfield code="w">r</subfield>
      <subfield code="i">Lebensdaten</subfield>
      <subfield code="9">v:Geburts- und Todesjahr ca.</subfield>
    </datafield>
    <datafield tag="550" ind1=" " ind2=" ">
      <subfield code="0">(DE-101)94652243X</subfield>
      <subfield code="0">(DE-588)4398113-6</subfield>
      <subfield code="0">https://d-nb.info/gnd/4398113-6</subfield>
      <subfield code="a">Kirchenhistoriker</subfield>
      <subfield code="4">berc</subfield>
      <subfield code="4">https://d-nb.info/standards/elementset/gnd#professionOrOccupation</subfield>
      <subfield code="w">r</subfield>
      <subfield code="i">Charakteristischer Beruf</subfield>
    </datafield>
    <datafield tag="551" ind1=" " ind2=" ">
      <subfield code="0">(DE-101)040285863</subfield>
      <subfield code="0">(DE-588)4028586-8</subfield>
      <subfield code="0">https://d-nb.info/gnd/4028586-8</subfield>
      <subfield code="a">Jerusalem</subfield>
      <subfield code="4">orts</subfield>
      <subfield code="4">https://d-nb.info/standards/elementset/gnd#placeOfDeath</subfield>
      <subfield code="w">r</subfield>
      <subfield code="i">Sterbeort</subfield>
    </datafield>
    <datafield tag="667" ind1=" " ind2=" ">
      <subfield code="a">12</subfield>
    </datafield>
    <datafield tag="667" ind1=" " ind2=" ">
      <subfield code="a">384</subfield>
    </datafield>
    <datafield tag="667" ind1=" " ind2=" ">
      <subfield code="a">12-PAN</subfield>
    </datafield>
    <datafield tag="667" ind1=" " ind2=" ">
      <subfield code="a">christlicher Autor der Patristik. Er gilt als erster Kirchenhistoriker nach Lukas, bekehrter Jude, der judenchristliche Schriften wie das Hebräerevangelium, aber auch mündliche jüdische Überlieferung kannte und daraus zitierte. Demnach stammte er wahrscheinlich aus Israel. Manche Forscher halten ihn daher für einen Apologeten (Verteidiger) des dortigen Judenchristentums. Erforschte die christliche Überlieferung von den Aposteln bis zu den Bischöfen der römischen Christengemeinde. Seine Ergebnisse legte er seit 174 in fünf Büchern seiner Hypomnemata (Memoiren, Denkwürdigkeiten) nieder. Diese haben nach mittelalterlichen Bibliotheksverzeichnissen bis ins 17. Jahrhundert hinein existiert und sind seitdem verschollen. - Nicht ident. mit Pseudo-Hegesippus</subfield>
    </datafield>
    <datafield tag="670" ind1=" " ind2=" ">
      <subfield code="a">Wikipedia</subfield>
      <subfield code="b">Stand: 13.07.2017</subfield>
      <subfield code="u">https://de.wikipedia.org/w/index.php?title=Hegesippus&amp;oldid=145015152</subfield>
    </datafield>
    <datafield tag="670" ind1=" " ind2=" ">
      <subfield code="a">LCAuth</subfield>
    </datafield>
    <datafield tag="672" ind1=" " ind2="0">
      <subfield code="a">De distantiis locorum terrae sanctae. - s.a.</subfield>
    </datafield>
    <datafield tag="672" ind1=" " ind2="0">
      <subfield code="a">Josephus, Flavius: De bello Iudaico</subfield>
      <subfield code="f">1510</subfield>
    </datafield>
    <datafield tag="672" ind1=" " ind2="0">
      <subfield code="a">Josephus, Flavius: Historia de bello Iudaico</subfield>
      <subfield code="f">1510</subfield>
    </datafield>
    <datafield tag="672" ind1=" " ind2="0">
      <subfield code="a">Josephus, Flavius: De bello Iudaico. - s.a.</subfield>
    </datafield>
    <datafield tag="672" ind1=" " ind2="0">
      <subfield code="a">Josephus, Flavius: De bello Iudaico</subfield>
      <subfield code="f">1511</subfield>
    </datafield>
    <datafield tag="672" ind1=" " ind2="0">
      <subfield code="a">Josephus, Flavius: De rebus a Iudaeorum principibus ... gestis ...</subfield>
      <subfield code="f">1511</subfield>
    </datafield>
    <datafield tag="672" ind1=" " ind2="0">
      <subfield code="a">Josephus, Flavius: De rebus a Iudaeorum principibus ... gestis ...</subfield>
      <subfield code="f">1525</subfield>
    </datafield>
    <datafield tag="672" ind1=" " ind2="0">
      <subfield code="a">Josephus, Flavius: De rebus Iudaeorum ...</subfield>
      <subfield code="f">1525</subfield>
    </datafield>
    <datafield tag="672" ind1=" " ind2="0">
      <subfield code="a">Josephus, Flavius: De rebus a Iudaeorum principibus in obsidione fortiter gestis</subfield>
      <subfield code="f">1525</subfield>
    </datafield>
    <datafield tag="672" ind1=" " ind2="0">
      <subfield code="a">De rebus a Judaeorum principibus in obsidione fortiter gestis deque excidio Hierosolymorum. 1590. (VD16 H 1266)</subfield>
    </datafield>
    <datafield tag="672" ind1=" " ind2="0">
      <subfield code="a">Fünff historische bücher Egesippi des Hochberuempten vnd gar alten geschicht schreibers vnder ... 1537. (VD16 H 1259)</subfield>
    </datafield>
    <datafield tag="672" ind1=" " ind2="0">
      <subfield code="a">HEGESIPPI SCRIPTORIS GRAVISSIMI,DE BELLO IVDAICO,ET VRBIS Hierosolymitanae excidio, ... 1575. (VD16 H 1257)</subfield>
    </datafield>
    <datafield tag="672" ind1=" " ind2="0">
      <subfield code="a">Egesippuß Teütsch Jm Jar M.D.XXXII Durch Doctor Caspar Hedion vertolmetscht. Straßburg.. 1532. (VD16 H 1258)</subfield>
    </datafield>
    <datafield tag="672" ind1=" " ind2="0">
      <subfield code="a">EGESIPPI HISTORIOGRAPHI inter scriptores ecclesiasticos uetustissimi, de rebus à Iudaeorum ... 1530. (VD16 H 1254)</subfield>
    </datafield>
    <datafield tag="672" ind1=" " ind2="0">
      <subfield code="a">Egesippi des Hochberuehmten Fuertrefflichen Christlichen Geschichtschribers fuenff ... 1587. (VD16 H 1265)</subfield>
    </datafield>
    <datafield tag="672" ind1=" " ind2="0">
      <subfield code="a">Egesippi des Hochberuehmten Fuertrefflichen Christlichen Geschichtschreibers fuenff ... 1581. (VD16 H 1264)</subfield>
    </datafield>
    <datafield tag="672" ind1=" " ind2="0">
      <subfield code="a">Egesippi des Hochberuehmten Fuertrefflichen Christlichen Geschichtschreibers fuenff ... 1575. (VD16 ZV 7543)</subfield>
    </datafield>
    <datafield tag="672" ind1=" " ind2="0">
      <subfield code="a">EGESIPPI HISTORIOGRAPHI inter scriptores ecclesiasticos uetustissimi, de rebus a Iudaeorũ ... 1544. (VD16 H 1255)</subfield>
    </datafield>
    <datafield tag="672" ind1=" " ind2="0">
      <subfield code="a">Hypomnemata. Bd. 1 - 5</subfield>
    </datafield>
    <datafield tag="672" ind1=" " ind2="0">
      <subfield code="a">Fragmenta ex quinque Libris commentariorum actuum ecclesiasticorum</subfield>
    </datafield>
    <datafield tag="678" ind1=" " ind2=" ">
      <subfield code="b">Übersetzer der Jüdischen Geschichte des Flavius Josephus ins Lateinische; vermutl. eine entstellte Namensform von Josephus</subfield>
    </datafield>
    <datafield tag="913" ind1=" " ind2=" ">
      <subfield code="S">pnd</subfield>
      <subfield code="i">5</subfield>
      <subfield code="a">Hegesippus</subfield>
      <subfield code="0">(DE-588a)100290094</subfield>
    </datafield>
    <datafield tag="913" ind1=" " ind2=" ">
      <subfield code="S">pnd</subfield>
      <subfield code="i">5</subfield>
      <subfield code="a">Hegesippus</subfield>
      <subfield code="0">(DE-588a)172130883</subfield>
    </datafield>
  </record>
